%% This BibTeX bibliography file was created using BibDesk.
%% https://bibdesk.sourceforge.io/

%% Created for Tomáš Taro at 2023-03-27 13:20:58 +0200 


%% Saved with string encoding Unicode (UTF-8) 



@misc{t_times_explanation,
	author = {David C Preston},
	date-added = {2023-03-27 13:18:33 +0200},
	date-modified = {2023-03-27 13:20:54 +0200},
	howpublished = {online},
	month = {07},
	note = {[cit. 2023-03-27]},
	title = {Magnetic Resonance Imaging (MRI) of the Brain and Spine: Basics},
	url = {https://case.edu/med/neurology/NR/MRI%20Basics.htm},
	year = {2016}}

@mastersthesis{basic_principles_of_mri,
	author = {Blair Mackiewich},
	date-added = {2023-03-27 13:06:57 +0200},
	date-modified = {2023-03-27 13:10:44 +0200},
	note = {[cit. 2023-03-27]},
	school = {Simon Fraser University},
	title = {Intracranial Boundary Detection and Radio Frequency Correction in Magnetic Resonance Images},
	type = {Diplomov{\'a} pr{\'a}ca},
	url = {https://www.cs.sfu.ca/~stella/papers/blairthesis/main/main.html},
	year = {1995}}

@misc{mr_usage,
	author = {Peter Lam},
	date-added = {2023-03-24 23:01:31 +0100},
	date-modified = {2023-03-26 20:50:48 +0200},
	howpublished = {online},
	lastchecked = {2023-03-24},
	month = {07},
	note = {[cit. 2023-03-24]},
	title = {What to know about MRI scans},
	year = {2018},
	bdsk-url-1 = {https://www.medicalnewstoday.com/articles/146309#uses}}

@mastersthesis{contrast_agents,
	author = {Jitka Maz{\'a}nkov{\'a}},
	date-added = {2023-03-24 21:30:21 +0100},
	date-modified = {2023-03-24 23:07:16 +0100},
	month = {04},
	note = {[cit. 2023-03-24]},
	school = {Masarykova univerzita, Lek{\'a}rska fakulta},
	title = {Kontrastn{\'\i} l{\'a}tky a jejich ne{\v z}{\'a}douc{\'\i} {\'u}{\v c}inky},
	type = {Bakal{\'a}rska pr{\'a}ca},
	url = {https://is.muni.cz/th/rsk3f/},
	year = {2011},
	bdsk-url-1 = {https://is.muni.cz/th/rsk3f/}}

@misc{mr_contraindications,
	author = {Tereza J{\'\i}ralov{\'a}},
	date-modified = {2023-03-24 22:51:37 +0100},
	howpublished = {online},
	note = {[cit. 2023-03-24]},
	school = {Jiho{\v c}esk{\'a} univerzita v {\v C}esk{\'y}ch Bud{\v e}jovic{\'\i}ch, Zdravotn{\v e} soci{\'a}ln{\'\i} fakulta{\v C}esk{\'e} Bud{\v e}jovice},
	title = {MR - nov{\'e} trendy a v{\'y}znam v modern{\'\i} diagnostice},
	type = {Bakal{\'a}{\v r}sk{\'a} pr{\'a}ce},
	url = {http://wstag.jcu.cz/StagPortletsJSR168/CleanUrl?urlid=prohlizeni-prace-search&studentSearchPrijmeni=jíralová},
	year = {2021},
	bdsk-url-1 = {https://theses.cz/id/2kx22r/}}

@misc{spamm_description,
	date-added = {2023-03-24 16:48:19 +0100},
	date-modified = {2023-03-24 22:40:26 +0100},
	howpublished = {online},
	note = {[cit. 2023-03-24]},
	title = {Myocardial tagging/SPAMM - Questions and Answers in MRI},
	bdsk-url-1 = {https://mriquestions.com/taggingspamm.html}}
