%% This BibTeX bibliography file was created using BibDesk.
%% https://bibdesk.sourceforge.io/

%% Created for Tomáš Taro at 2023-05-01 19:07:43 +0200 


%% Saved with string encoding Unicode (UTF-8) 



@incollection{about_cornerstone_core,
	author = {Chris Hafey},
	booktitle = {GitHub},
	date-added = {2023-05-01 15:24:42 +0200},
	date-modified = {2023-05-01 16:52:10 +0200},
	howpublished = {online},
	title = {Readme},
	url = {https://github.com/cornerstonejs/cornerstone},
	year = {Sep 13, 2021 [cit. 2023-05-01]},
	bdsk-url-1 = {https://github.com/cornerstonejs/cornerstone}}

@incollection{reactjs_stylesheet_module,
	author = {Kristofer Giltvedt Selbekk},
	booktitle = {Create React App},
	date-added = {2023-04-18 23:39:28 +0200},
	date-modified = {2023-05-01 17:06:05 +0200},
	howpublished = {online},
	publisher = {Facebook, Inc.},
	title = {Adding a CSS Modules Stylesheet},
	url = {https://create-react-app.dev/docs/adding-a-css-modules-stylesheet},
	year = {Oct 7, 2018 [cit. 2023-04-18]},
	bdsk-url-1 = {https://create-react-app.dev/docs/adding-a-css-modules-stylesheet}}

@incollection{reactjs_stylesheet,
	author = {Lewis Llobera},
	booktitle = {Create React App},
	date-added = {2023-04-18 23:38:06 +0200},
	date-modified = {2023-05-01 17:07:47 +0200},
	howpublished = {online},
	publisher = {Facebook, Inc.},
	title = {Adding a Stylesheet},
	url = {https://create-react-app.dev/docs/adding-a-stylesheet},
	year = {2/13/2020 [cit. 2023-04-18]},
	bdsk-url-1 = {https://create-react-app.dev/docs/adding-a-stylesheet}}

@incollection{react_state,
	booktitle = {React},
	date-added = {2023-04-18 23:35:46 +0200},
	date-modified = {2023-05-01 17:11:35 +0200},
	howpublished = {online},
	publisher = {Meta Open Source},
	title = {State: A Component's Memory},
	url = {https://react.dev/learn/state-a-components-memory},
	year = {2023 [cit. 2023-04-18]},
	bdsk-url-1 = {https://react.dev/learn/state-a-components-memory}}

@incollection{jsx_rules,
	booktitle = {React},
	date-added = {2023-04-18 23:28:49 +0200},
	date-modified = {2023-05-01 17:14:18 +0200},
	howpublished = {online},
	journal = {react.dev},
	publisher = {Meta Open Source},
	title = {Writing Markup with JSX},
	url = {https://react.dev/learn/writing-markup-with-jsx},
	year = {2023 [cit. 2023-04-18]},
	bdsk-url-1 = {https://react.dev/learn/writing-markup-with-jsx}}

@incollection{nextjs_introduction,
	booktitle = {Next.js by Vercel - The React Framework for the Web},
	date-added = {2023-04-18 23:25:34 +0200},
	date-modified = {2023-05-01 17:17:18 +0200},
	howpublished = {online},
	journal = {nextjs.org},
	publisher = {Vercel, Inc.},
	title = {What is Next.js?},
	url = {https://nextjs.org/learn/foundations/about-nextjs/what-is-nextjs},
	year = {2023 [cit. 2023-04-18]},
	bdsk-url-1 = {https://nextjs.org/learn/foundations/about-nextjs/what-is-nextjs}}

@incollection{vuejs_introduction,
	author = {Evan You},
	booktitle = {Vue.js},
	date-added = {2023-04-18 23:22:37 +0200},
	date-modified = {2023-05-01 17:20:36 +0200},
	howpublished = {online},
	journal = {vuejs.org},
	title = {Introduction},
	url = {https://vuejs.org/guide/introduction.html},
	year = {2023 [cit. 2023-04-18]},
	bdsk-url-1 = {https://vuejs.org/guide/introduction.html}}

@incollection{nuxt_introduction,
	booktitle = {Nuxt: The Intuitive Web Framework},
	date-added = {2023-04-18 23:19:30 +0200},
	date-modified = {2023-05-01 17:23:01 +0200},
	howpublished = {online},
	publisher = {Nuxt},
	title = {Introduction},
	url = {https://nuxt.com/docs/getting-started/introduction},
	year = {2023 [cit. 2023-04-18]},
	bdsk-url-1 = {https://nuxt.com/docs/getting-started/introduction}}

@article{dcmjs_warning,
	date-added = {2023-04-17 12:26:49 +0200},
	date-modified = {2023-05-01 15:23:56 +0200},
	bdsk-url-1 = {https://github.com/dcmjs-org/dcmjs}}

@incollection{about_docker,
	author = {Sebastiaan van Stijn},
	booktitle = {Docker documentation},
	date-added = {2023-04-17 12:22:31 +0200},
	date-modified = {2023-05-01 17:34:40 +0200},
	howpublished = {online},
	publisher = {Docker Inc.},
	title = {Docker overview},
	url = {https://docs.docker.com/get-started/overview/},
	year = {2023 [cit. 2023-04-17]},
	bdsk-url-1 = {https://docs.docker.com/get-started/overview/}}

@incollection{about_nodejs,
	booktitle = {Node.js},
	date-added = {2023-04-17 00:55:30 +0200},
	date-modified = {2023-05-01 17:38:36 +0200},
	howpublished = {online},
	publisher = {OpenJS Foundation},
	title = {About Node.js®},
	url = {https://nodejs.org/en/about},
	year = {2023 [cit. 2023-04-17]},
	bdsk-url-1 = {https://nodejs.org/en/about}}

@incollection{about_css,
	author = {Tab Atkins Jr., Elika J. Etemad, Florian Rivoal},
	booktitle = {World Wide Web Consortium (W3C)},
	date-added = {2023-04-17 00:01:55 +0200},
	date-modified = {2023-05-01 18:59:38 +0200},
	howpublished = {online},
	journal = {w3.org},
	publisher = {World Wide Web Consortium},
	title = {CSS Snapshot 2022},
	url = {https://www.w3.org/TR/css-2023/},
	year = {22. November 2022 [cit. 2023-04-17]},
	bdsk-url-1 = {https://www.w3.org/TR/css-2023/}}

@incollection{ecmascript_specification,
	author = {Shu-yu Guo and others},
	booktitle = {TC39},
	date-added = {2023-04-16 23:55:44 +0200},
	date-modified = {2023-05-01 18:53:39 +0200},
	howpublished = {online},
	publisher = {Ecma International},
	title = {ECMAScript® 2024 Language Specification},
	url = {https://tc39.es/ecma262/},
	year = {2023 [cit. 2023-04-16]},
	bdsk-url-1 = {https://tc39.es/ecma262/}}

@incollection{about_typescript,
	booktitle = {TypeScript: JavaScript With Syntax For Types},
	date-added = {2023-04-16 23:51:49 +0200},
	date-modified = {2023-05-01 17:41:32 +0200},
	howpublished = {online},
	journal = {typescriptlang.org},
	publisher = {Microsoft},
	title = {TypeScript for the New Programmer},
	url = {https://www.typescriptlang.org/docs/handbook/typescript-from-scratch.html},
	year = {Apr 12, 2023 [cit. 2023-04-16]},
	bdsk-url-1 = {https://www.typescriptlang.org/docs/handbook/typescript-from-scratch.html}}

@incollection{using_web_workers,
	author = {{{Mozilla.org contributors}}},
	booktitle = {MDN Web Docs},
	date-added = {2023-04-16 12:29:05 +0200},
	date-modified = {2023-05-01 16:46:00 +0200},
	howpublished = {online},
	publisher = {Mozilla Corporation},
	title = {Using Web Workers},
	url = {https://developer.mozilla.org/en-US/docs/Web/API/Web_Workers_API/Using_web_workers},
	year = {Mar 16, 2023 [cit. 2023-04-16]},
	bdsk-url-1 = {https://developer.mozilla.org/en-US/docs/Web/API/Web_Workers_API/Using_web_workers}}

@incollection{cpp_to_wasm_image,
	author = {{Mozilla.org contributors}},
	booktitle = {MDN Web Docs},
	date-added = {2023-04-13 23:10:14 +0200},
	date-modified = {2023-05-01 17:27:05 +0200},
	howpublished = {online},
	publisher = {Mozilla Corporation},
	title = {Emscripten Diagram},
	url = {https://developer.mozilla.org/en-US/docs/WebAssembly/Concepts/emscripten-diagram.png},
	year = {Mar 23, 2023 [cit. 2023-04-13]},
	bdsk-url-1 = {https://developer.mozilla.org/en-US/docs/WebAssembly/Concepts/emscripten-diagram.png}}

@incollection{webassembly_threads,
	author = {Ingvar Stepanyan},
	booktitle = {web.dev},
	date-added = {2023-04-13 22:34:32 +0200},
	date-modified = {2023-05-01 17:25:01 +0200},
	howpublished = {online},
	journal = {web.dev},
	title = {Using WebAssembly threads from C, C++ and Rust},
	url = {https://web.dev/webassembly-threads/},
	year = {Júl 12, 2021 [cit. 2023-04-13]},
	bdsk-url-1 = {https://web.dev/webassembly-threads/}}

@incollection{cpp_to_wasm,
	author = {{Mozilla.org contributors}},
	booktitle = {MDN Web Docs},
	date-added = {2023-04-13 22:01:42 +0200},
	date-modified = {2023-05-01 17:28:20 +0200},
	howpublished = {online},
	publisher = {Mozilla Corporation},
	title = {Compiling a New C/C++ Module to WebAssembly},
	url = {https://developer.mozilla.org/en-US/docs/WebAssembly/C_to_wasm},
	year = {Mar 24, 2023 [cit. 2023-04-13]},
	bdsk-url-1 = {https://developer.mozilla.org/en-US/docs/WebAssembly/C_to_wasm}}

@incollection{webassembly_concepts,
	author = {{Mozilla.org contributors}},
	booktitle = {MDN Web Docs},
	date-added = {2023-04-13 21:50:43 +0200},
	date-modified = {2023-05-01 17:29:21 +0200},
	howpublished = {online},
	publisher = {Mozilla Corporation},
	title = {WebAssembly Concepts},
	url = {https://developer.mozilla.org/en-US/docs/WebAssembly/Concepts},
	year = {Mar 23, 2023 [cit. 2023-04-13]},
	bdsk-url-1 = {https://developer.mozilla.org/en-US/docs/WebAssembly/Concepts}}

@incollection{cpp_addons,
	booktitle = {Node.js},
	date-added = {2023-04-13 21:36:49 +0200},
	date-modified = {2023-05-01 17:32:03 +0200},
	howpublished = {online},
	publisher = {OpenJS Foundation},
	title = {C++ addons v18.16.0},
	url = {https://nodejs.org/docs/latest-v18.x/api/addons.html},
	year = {2023 [cit. 2023-04-13]},
	bdsk-url-1 = {https://nodejs.org/docs/latest-v18.x/api/addons.html}}

@mastersthesis{basic_principles_of_mri,
	author = {Blair Mackiewich},
	date-added = {2023-04-13 16:50:05 +0200},
	date-modified = {2023-04-13 18:32:08 +0200},
	location = {Burnaby},
	school = {Simon Fraser University},
	title = {Intracranial boundary detection and radio frequency correction in magnetic resonance images},
	type = {Diplomová práca},
	url = {https://summit.sfu.ca/item/6770},
	year = {1995},
	bdsk-url-1 = {https://summit.sfu.ca/item/6770}}

@mastersthesis{master_thesis_app,
	author = {Jiří Kafka},
	date-added = {2023-04-02 19:17:41 +0200},
	date-modified = {2023-04-13 21:06:29 +0200},
	location = {Praha},
	school = {České vysoké učení technické v Praze, Fakulta jaderná a fyzikálně inženýrská},
	title = {Vývoj aplikace pro analýzu pohybu srdečních komor},
	type = {Diplomová práca},
	year = {2015}}

@unpublished{openmp_description,
	author = {Daniel Langr and others},
	date-added = {2023-03-30 22:26:11 +0200},
	date-modified = {2023-04-16 12:52:03 +0200},
	howpublished = {prednáška},
	note = {Praha: ČVUT v Praze, Fakulta informačních technologií, 27.02.2023},
	title = {Úvod do OpenMP},
	url = {https://courses.fit.cvut.cz/NI-PDP/media/lectures/NI-PDP-Prednaska02-OpenMP.pdf},
	year = {2023},
	bdsk-url-1 = {https://courses.fit.cvut.cz/NI-PDP/media/lectures/NI-PDP-Prednaska02-OpenMP.pdf}}

@incollection{dicom_transfer_syntax,
	booktitle = {DICOM Library},
	date-added = {2023-03-29 20:49:53 +0200},
	date-modified = {2023-05-01 18:18:08 +0200},
	howpublished = {online},
	publisher = {DICOM Library},
	title = {Transfer Syntax},
	url = {https://www.dicomlibrary.com/dicom/transfer-syntax/},
	year = {2023 [cit. 2023-03-29]},
	bdsk-url-1 = {https://www.dicomlibrary.com/dicom/transfer-syntax/}}

@incollection{dicom_history,
	booktitle = {dicomstandard.org},
	date-added = {2023-03-29 20:46:05 +0200},
	date-modified = {2023-05-01 18:52:26 +0200},
	howpublished = {online},
	journal = {dicomstandard.org},
	publisher = {The Medical Imaging Technology Association},
	title = {History},
	url = {https://www.dicomstandard.org/history},
	year = {[2023] [cit. 2023-03-29]},
	bdsk-url-1 = {https://www.dicomstandard.org/history}}

@incollection{about_dicomlibrary,
	booktitle = {DICOM Library},
	date-added = {2023-03-29 20:41:12 +0200},
	date-modified = {2023-05-01 19:02:38 +0200},
	howpublished = {online},
	publisher = {DICOM Library},
	title = {About DICOM format},
	url = {https://www.dicomlibrary.com/dicom/},
	year = {2023 [cit. 2023-03-29]},
	bdsk-url-1 = {https://www.dicomlibrary.com/dicom/}}

@article{Varma_2012,
	author = {Dandu Ravi Varma},
	date-added = {2023-03-29 20:36:13 +0200},
	date-modified = {2023-03-29 20:51:34 +0200},
	journal = {Indian Journal of Radiology and Imaging},
	month = {01},
	number = {01},
	pages = {4--13},
	publisher = {Georg Thieme Verlag {KG}},
	title = {Managing {DICOM} images: Tips and tricks for the radiologist},
	volume = {22},
	year = 2012,
	bdsk-url-1 = {https://doi.org/10.4103%2F0971-3026.95396},
	bdsk-url-2 = {https://doi.org/10.4103/0971-3026.95396}}

@incollection{qt_description,
	author = {David Bryant},
	booktitle = {Qt Wiki},
	date-added = {2023-03-29 19:55:30 +0200},
	date-modified = {2023-05-01 18:16:26 +0200},
	howpublished = {online},
	publisher = {The Qt Company},
	title = {About Qt},
	url = {https://wiki.qt.io/index.php?title=About_Qt},
	year = {18. júla 2022 [cit. 2023-03-29]},
	bdsk-url-1 = {https://wiki.qt.io/About_Qt}}

@incollection{qtcore_description,
	booktitle = {Qt Documentation},
	date-added = {2023-03-29 19:52:59 +0200},
	date-modified = {2023-05-01 18:14:31 +0200},
	howpublished = {online},
	journal = {doc.qt.io},
	publisher = {The Qt Company},
	title = {Qt Core 5.15.13},
	url = {https://doc.qt.io/qt-5/qtcore-index.html},
	year = {2023 [cit. 2023-03-29]},
	bdsk-url-1 = {https://doc.qt.io/qt-5/qtcore-index.html}}

@incollection{qtwidgets_description,
	booktitle = {Qt Documentation},
	date-added = {2023-03-29 19:51:38 +0200},
	date-modified = {2023-05-01 18:13:09 +0200},
	howpublished = {online},
	publisher = {The Qt Company},
	title = {Qt Widgets 5.15.13},
	url = {https://doc.qt.io/qt-5/qtwidgets-index.html},
	year = {2023 [cit. 2023-03-29]},
	bdsk-url-1 = {https://doc.qt.io/qt-5/qtwidgets-index.html}}

@incollection{qtgui_description,
	booktitle = {Qt Documentation},
	date-added = {2023-03-29 19:50:12 +0200},
	date-modified = {2023-05-01 18:14:14 +0200},
	howpublished = {online},
	journal = {doc.qt.io},
	publisher = {The Qt Company},
	title = {Qt GUI 5.15.13},
	url = {https://doc.qt.io/qt-5/qtgui-index.html},
	year = {2023 [cit. 2023-03-29]},
	bdsk-url-1 = {https://doc.qt.io/qt-5/qtgui-index.html}}

@incollection{qttest_description,
	booktitle = {Qt Documentation},
	date-added = {2023-03-29 19:48:07 +0200},
	date-modified = {2023-05-01 18:13:58 +0200},
	howpublished = {online},
	journal = {doc.qt.io},
	publisher = {The Qt Company},
	title = {Qt Test 5.15.13},
	url = {https://doc.qt.io/qt-5/qttest-index.html},
	year = {2023 [cit. 2023-03-29]},
	bdsk-url-1 = {https://doc.qt.io/qt-5/qttest-index.html}}

@incollection{qmake_description,
	booktitle = {Qt Documentation},
	date-added = {2023-03-29 19:46:03 +0200},
	date-modified = {2023-05-01 18:14:48 +0200},
	howpublished = {online},
	journal = {doc.qt.io},
	publisher = {The Qt Company},
	title = {qmake Manual},
	url = {https://doc.qt.io/qt-5/qmake-manual.html},
	year = {2023 [cit. 2023-03-29]},
	bdsk-url-1 = {https://doc.qt.io/qt-5/qmake-manual.html}}

@article{dcmtk_description,
	date-added = {2023-03-29 19:43:57 +0200},
	date-modified = {2023-05-01 18:11:37 +0200},
	howpublished = {online},
	journal = {dicom.offis.de},
	title = {Description},
	url = {https://dicom.offis.de/dcmtk.php.en},
	year = {[2023] [cit. 2023-03-29]},
	bdsk-url-1 = {https://dicom.offis.de/dcmtk.php.en}}

@webpage{tnl_description,
	date-added = {2023-03-29 19:38:52 +0200},
	date-modified = {2023-05-01 19:00:53 +0200},
	howpublished = {online},
	title = {Template Numerical Library},
	url = {https://tnl-project.org},
	year = {2023 [cit. 2023-03-29]},
	bdsk-url-1 = {https://tnl-project.org}}

@misc{t_times_explanation,
	author = {David C Preston},
	date-added = {2023-03-27 13:18:33 +0200},
	date-modified = {2023-03-29 19:38:45 +0200},
	howpublished = {online},
	month = {07},
	note = {[cit. 2023-03-27]},
	title = {Magnetic Resonance Imaging (MRI) of the Brain and Spine: Basics},
	year = {2016},
	bdsk-url-1 = {https://case.edu/med/neurology/NR/MRI%20Basics.htm}}

@article{mr_usage,
	author = {Peter Lam and others},
	date-added = {2023-03-24 23:01:31 +0100},
	date-modified = {2023-04-16 12:44:45 +0200},
	howpublished = {online},
	journal = {Medical News Today},
	lastchecked = {2023-03-24},
	title = {What to know about MRI scans. In: Healthline Media},
	url = {https://www.medicalnewstoday.com/articles/146309#what-is-an-mri-scan},
	year = {Júl 24, 2018 [cit. 2023-03-24]},
	bdsk-url-1 = {https://www.medicalnewstoday.com/articles/146309#uses}}

@mastersthesis{contrast_agents,
	author = {Jitka Mazánková},
	date-added = {2023-03-24 21:30:21 +0100},
	date-modified = {2023-04-13 18:27:47 +0200},
	location = {Brno},
	school = {Masarykova univerzita, Lekárska fakulta},
	title = {Kontrastní látky a jejich nežádoucí účinky},
	type = {Bakalárska práca},
	url = {https://is.muni.cz/th/rsk3f/},
	year = {2011},
	bdsk-url-1 = {https://is.muni.cz/th/rsk3f/}}

@mastersthesis{mr_contraindications,
	author = {Tereza Jíralová},
	date-modified = {2023-05-01 19:07:42 +0200},
	location = {České Budějovice},
	school = {Jihočeská univerzita v Českých Budějovicích, Zdravotně sociální fakulta},
	title = {MR - nové trendy a význam v moderní diagnostice},
	type = {Bakalárska práca},
	url = {https://theses.cz/id/pk75p4/},
	year = {2021},
	bdsk-url-1 = {https://theses.cz/id/2kx22r/}}

@incollection{spamm_description,
	author = {Allen D. Elster},
	booktitle = {Myocardial tagging/SPAMM - Questions and Answers in MRI},
	date-added = {2023-03-24 16:48:19 +0100},
	date-modified = {2023-05-01 19:03:49 +0200},
	howpublished = {online},
	publisher = {Elster LLC},
	title = {What is SPAMM?},
	url = {https://mriquestions.com/taggingspamm.html},
	year = {2023 [cit. 2023-03-24]},
	bdsk-url-1 = {https://mriquestions.com/taggingspamm.html}}
